<record><leader>00000cas a22000007i 4500</leader><controlfield tag="001">989510692</controlfield><controlfield tag="008">170608c20179999mnucn ne      |   a0eng  </controlfield><datafield ind1=" " ind2=" " tag="010"><subfield code="a">  2017202124</subfield></datafield><datafield ind1=" " ind2=" " tag="040"><subfield code="a">DLC</subfield><subfield code="b">eng</subfield><subfield code="e">rda</subfield><subfield code="c">DLC</subfield><subfield code="d">DLC</subfield><subfield code="d">CUS</subfield><subfield code="d">OCLCF</subfield></datafield><datafield ind1=" " ind2=" " tag="012"><subfield code="m">1</subfield></datafield><datafield ind1="0" ind2=" " tag="022"><subfield code="a">2573-4156</subfield><subfield code="2">1</subfield></datafield><datafield ind1=" " ind2=" " tag="032"><subfield code="a">693180</subfield><subfield code="b">USPS</subfield></datafield><datafield ind1=" " ind2=" " tag="037"><subfield code="b">Joni Harms, 300 11th Street, Worthington, MN 56187</subfield></datafield><datafield ind1=" " ind2=" " tag="042"><subfield code="a">pcc</subfield><subfield code="a">nsdp</subfield></datafield><datafield ind1="1" ind2="0" tag="050"><subfield code="a">ISSN RECORD</subfield></datafield><datafield ind1=" " ind2="4" tag="050"><subfield code="a">AN</subfield></datafield><datafield ind1="1" ind2="0" tag="082"><subfield code="a">070</subfield><subfield code="2">23</subfield></datafield><datafield ind1="0" ind2=" " tag="130"><subfield code="a">Globe (Worthington, MN)</subfield></datafield><datafield ind1=" " ind2="4" tag="222"><subfield code="a">The globe</subfield><subfield code="b">(Worthington, Minn.)</subfield></datafield><datafield ind1="1" ind2="4" tag="245"><subfield code="a">The globe.</subfield></datafield><datafield ind1=" " ind2="1" tag="264"><subfield code="a">Worthington, MN :</subfield><subfield code="b">Joni Harms,</subfield><subfield code="c">2017-</subfield></datafield><datafield ind1=" " ind2=" " tag="310"><subfield code="a">Twice a week (Wednesday and Saturday, except legal holidays)</subfield></datafield><datafield ind1=" " ind2=" " tag="336"><subfield code="a">text</subfield><subfield code="b">txt</subfield><subfield code="2">rdacontent</subfield></datafield><datafield ind1=" " ind2=" " tag="337"><subfield code="a">unmediated</subfield><subfield code="b">n</subfield><subfield code="2">rdamedia</subfield></datafield><datafield ind1=" " ind2=" " tag="338"><subfield code="a">volume</subfield><subfield code="b">nc</subfield><subfield code="2">rdacarrier</subfield></datafield><datafield ind1="1" ind2=" " tag="362"><subfield code="a">Began with: No. 1 (June 3, 2017).</subfield></datafield><datafield ind1=" " ind2=" " tag="588"><subfield code="a">Description based on: No. 1 (June 3, 2017); title from cover (surrogate).</subfield></datafield><datafield ind1=" " ind2=" " tag="588"><subfield code="a">Latest issue consulted: No. 1 (June 3, 2017) (surrogate).</subfield></datafield><datafield ind1=" " ind2="0" tag="651"><subfield code="a">Worthington (Minn.)</subfield><subfield code="v">Newspapers.</subfield></datafield><datafield ind1=" " ind2="7" tag="651"><subfield code="a">Minnesota</subfield><subfield code="z">Worthington.</subfield><subfield code="2">fast</subfield><subfield code="0">(OCoLC)fst01220212</subfield></datafield><datafield ind1=" " ind2="7" tag="655"><subfield code="a">Newspapers.</subfield><subfield code="2">fast</subfield><subfield code="0">(OCoLC)fst01423814</subfield></datafield><datafield ind1="0" ind2="0" tag="780"><subfield code="t">Daily globe (Worthington, Minn.)</subfield><subfield code="x">1045-487X</subfield><subfield code="w">(DLC)sn 89007742</subfield><subfield code="w">(OCoLC)20121543</subfield></datafield><datafield ind1="4" ind2="1" tag="856"><subfield code="u">http://dglobe.com</subfield></datafield></record>